@inproceedings{jin2017predicting,
  title={Predicting Organic Reaction Outcomes with Weisfeiler-Lehman Network},
  author={Jin, Wengong and Coley, Connor and Barzilay, Regina and Jaakkola, Tommi},
  booktitle={NIPS},
  pages={2604--2613},
  year={2017}
}

@article{schwaller2017found,
  title={" Found in Translation": Predicting Outcome of Complex Organic Chemistry Reactions using Neural Sequence-to-Sequence Models},
  author={Schwaller, Philippe and Gaudin, Theophile and Lanyi, David and Bekas, Costas and Laino, Teodoro},
  journal={arXiv preprint arXiv:1711.04810},
  year={2017}
}

@inproceedings{gilmer2017neural,
  title={Neural message passing for quantum chemistry},
  author={Gilmer, Justin and Schoenholz, Samuel S and Riley, Patrick F and Vinyals, Oriol and Dahl, George E},
  booktitle={ICML},
  year={2017}
}